<record><leader>00000cas a22000007a 4500</leader><controlfield tag="001">15037799</controlfield><controlfield tag="008">870106d18711872pauwr ne      0    0eng d</controlfield><datafield ind1=" " ind2=" " tag="010"><subfield code="a">sn 87052001 </subfield></datafield><datafield ind1=" " ind2=" " tag="040"><subfield code="a">NPX</subfield><subfield code="b">eng</subfield><subfield code="c">NPX</subfield><subfield code="d">NPH</subfield><subfield code="d">OCLCQ</subfield></datafield><datafield ind1=" " ind2=" " tag="042"><subfield code="a">msc</subfield></datafield><datafield ind1="0" ind2="0" tag="245"><subfield code="a">"Jack Shepherd's" trumpet.</subfield></datafield><datafield ind1="1" ind2="3" tag="246"><subfield code="a">Trumpet</subfield></datafield><datafield ind1=" " ind2=" " tag="260"><subfield code="a">York, Pa. :</subfield><subfield code="b">Jack's Shepherd,</subfield><subfield code="c">-1872.</subfield></datafield><datafield ind1=" " ind2=" " tag="300"><subfield code="a">v.</subfield></datafield><datafield ind1=" " ind2=" " tag="310"><subfield code="a">Weekly</subfield></datafield><datafield ind1=" " ind2=" " tag="321"><subfield code="a">Frequency varies</subfield></datafield><datafield ind1="1" ind2=" " tag="362"><subfield code="a">Began in Oct. 1871.</subfield><subfield code="z">Cf. "Jack Shepherd's" gospel trumpet, Dec. 25, 1872.</subfield></datafield><datafield ind1="0" ind2=" " tag="362"><subfield code="a">-v. 1, no. 43 (Dec. 13, 1872).</subfield></datafield><datafield ind1=" " ind2=" " tag="515"><subfield code="a">Published on half sheets, &lt;Dec. 7-14, 1871&gt;; &lt;Nov. 8&gt;-Dec. 13, 1872.</subfield></datafield><datafield ind1=" " ind2=" " tag="588"><subfield code="a">Description based on: Vol. 1, no. 6 (Dec. 7, 1871).</subfield></datafield><datafield ind1=" " ind2=" " tag="752"><subfield code="a">United States</subfield><subfield code="b">Pennsylvania</subfield><subfield code="c">York</subfield><subfield code="d">York.</subfield></datafield><datafield ind1="0" ind2="0" tag="780"><subfield code="t">"Jack Shepherd's" daily</subfield><subfield code="w">(OCoLC)21583291</subfield></datafield><datafield ind1="0" ind2="0" tag="785"><subfield code="t">"Jack Shepherd's" gospel trumpet</subfield><subfield code="w">(DLC)sn 87052002</subfield></datafield></record>